<collection xmlns="http://www.loc.gov/MARC21/slim"><record><leader>00617nam  2200193   450</leader><controlfield tag="001">453</controlfield><controlfield tag="003">http://montalegre.opacnet.com/OPAC/default.aspx?ContentAreaControl=ShowRegHoldings.ascx&amp;RegNo=16662</controlfield><datafield tag="095" ind1=" " ind2=" "><subfield code="a">PTBN00021776</subfield></datafield><datafield tag="100" ind1=" " ind2=" "><subfield code="a">19870501d1980    am y0pora010305  ba</subfield></datafield><datafield tag="101" ind1="1" ind2=" "><subfield code="a">por</subfield><subfield code="c">ger</subfield></datafield><datafield tag="102" ind1=" " ind2=" "><subfield code="a">PT</subfield></datafield><datafield tag="200" ind1="1" ind2=" "><subfield code="a">Contos nocturnos</subfield><subfield code="f">Hoffmann</subfield><subfield code="g">trad. J. A. d'Oliveira</subfield></datafield><datafield tag="210" ind1=" " ind2=" "><subfield code="a">Lisboa</subfield><subfield code="c">Edilivro</subfield><subfield code="d">1980</subfield></datafield><datafield tag="215" ind1=" " ind2=" "><subfield code="a">211 p.</subfield><subfield code="d">20 cm</subfield></datafield><datafield tag="675" ind1=" " ind2=" "><subfield code="a">821</subfield><subfield code="v">BN</subfield><subfield code="z">por</subfield></datafield><datafield tag="700" ind1=" " ind2="1"><subfield code="a">Hoffmann</subfield><subfield code="b">Ernest</subfield><subfield code="f">1776-1822</subfield></datafield><datafield tag="702" ind1=" " ind2="1"><subfield code="a">Oliveira</subfield><subfield code="b">J. A. de</subfield><subfield code="4">730</subfield></datafield><datafield tag="801" ind1=" " ind2="0"><subfield code="a">PT</subfield><subfield code="b">Biblioteca Municipal de Montalegre</subfield><subfield code="g">RPC</subfield></datafield><datafield tag="856" ind1=" " ind2=" "><subfield code="u">locateMedia.asp?cod=20060517115104&amp;ext=jpg</subfield><subfield code="z">CAPA</subfield></datafield><datafield tag="909" ind1="&#9;" ind2=" "><subfield code="a">1</subfield></datafield><datafield tag="966" ind1=" " ind2=" "><subfield code="a">0011509</subfield><subfield code="l">BMM</subfield><subfield code="s">SCG 821 HOF con</subfield></datafield></record></collection>